<?xml version="1.0" encoding="UTF-8"?><collection xmlns="http://www.loc.gov/MARC21/slim"><record><leader>00496nam--2200169-i-4500</leader><controlfield tag="001">000049259</controlfield><controlfield tag="002">20161230</controlfield><controlfield tag="005">20170107155321</controlfield><controlfield tag="008">060222s1000------------r-----000-0-eng-d</controlfield><datafield ind1=" " ind2=" " tag="040"><subfield code="a">IFIN-HH</subfield></datafield><datafield ind1=" " ind2=" " tag="080"><subfield code="a">061.3:539.12:539.131</subfield></datafield><datafield ind1="1" ind2=" " tag="100"><subfield code="a">Kiss, D</subfield></datafield><datafield ind1="1" ind2="0" tag="245"><subfield code="a">Proceedings of the triangle seminar 1972</subfield><subfield code="b">Budapest 9-11 February 1972</subfield><subfield code="c">D. Kiss</subfield></datafield><datafield ind1=" " ind2=" " tag="260"><subfield code="a">Budapest</subfield><subfield code="b">Central Research Institute For Physics</subfield><subfield code="c">1972</subfield></datafield><datafield ind1=" " ind2=" " tag="300"><subfield code="a">III + 187 p</subfield></datafield><datafield ind1=" " ind2=" " tag="852"><subfield code="a">10600</subfield><subfield code="c">539.12</subfield></datafield><datafield ind1=" " ind2=" " tag="CAT"><subfield code="a">SYS</subfield><subfield code="c">20170107</subfield><subfield code="h">155321</subfield></datafield></record></collection>